@misc{site:itpro:insiderthreats:20170922,
  author          = "Hannah Simms",
  title           = "{Insider threats make up 74\% of business cyber security incidents}",
  month           = "September",
  year            = "2017",
  url             = "http://www.itpro.co.uk/security/29543/insider-threats-make-up-74-of-business-cyber-security-incidents",
  note            = "(Accessed on 21-12-2017)"
}

@misc{pdf:nccic:combating_insider_threat:20140502,
  author          = "{National Cybersecurity and Communications Integration Center}",
  title           = "{Combating the Insider Threat}",
  month           = "May",
  year            = "2014",
  url             = "https://www.us-cert.gov/sites/default/files/publications/Combating%20the%20Insider%20Threat_0.pdf",
  note            = "(Accessed on 21-12-2017)"
}

@misc{pdf:dod:insider_risk:200908,
  author          = "Eric D. Shaw and Lynn F. Fischer and Andr√©e E. Rose",
  title           = "{Insider Risk Evaluation and Audit}",
  month           = "August",
  year            = "2009",
  url             = "www.dtic.mil/get-tr-doc/pdf?AD=ADA563910",
  note            = "(Accessed on 21-12-2017)"
}

@misc{pdf:perserec:insider_threat_examples:200509,
  author          = "Eric D. Shaw and Lynn F. Fischer",
  title           = "{Ten Tales of Betrayal: The Threat to Corporate Infrastructures by Information Technology Insiders: Analysis and Observations}",
  month           = "September",
  year            = "2005",
  url             = "http://www.dhra.mil/Portals/52/Documents/perserec/tr05-13.pdf",
  note            = "(Accessed on 21-12-2017)"
}

@misc{site:digitalocean:insider_threat_examples:20141020,
  author          = "Justin Ellingwood",
  title           = "{How To Configure SSH Key-Based Authentication on a Linux Server}",
  month           = "October",
  year            = "2014",
  url             = "https://www.digitalocean.com/community/tutorials/how-to-configure-ssh-key-based-authentication-on-a-linux-server",
  note            = "(Accessed on 21-12-2017)"
}
